<record><leader>00000cas a22000007a 4500</leader><controlfield tag="001">28737032</controlfield><controlfield tag="008">930902c19939999iauwr ne      0   a0eng c</controlfield><datafield ind1=" " ind2=" " tag="010"><subfield code="a">sn 93005675 </subfield></datafield><datafield ind1=" " ind2=" " tag="040"><subfield code="a">NSD</subfield><subfield code="b">eng</subfield><subfield code="c">NSD</subfield><subfield code="d">OCLCQ</subfield></datafield><datafield ind1=" " ind2=" " tag="012"><subfield code="m">1</subfield></datafield><datafield ind1="1" ind2=" " tag="022"><subfield code="a">1071-7854</subfield><subfield code="l">1071-7854</subfield><subfield code="2">1</subfield></datafield><datafield ind1=" " ind2=" " tag="032"><subfield code="a">037060</subfield><subfield code="b">USPS</subfield></datafield><datafield ind1=" " ind2=" " tag="037"><subfield code="b">Audubon County Newspapers, 312 Broadway, Audubon, IA 50025-0247</subfield></datafield><datafield ind1=" " ind2=" " tag="042"><subfield code="a">nsdp</subfield><subfield code="a">pcc</subfield></datafield><datafield ind1=" " ind2="0" tag="222"><subfield code="a">Audubon County advocate journal</subfield></datafield><datafield ind1="0" ind2="0" tag="245"><subfield code="a">Audubon County advocate journal.</subfield></datafield><datafield ind1="1" ind2="0" tag="246"><subfield code="a">Advocate journal</subfield></datafield><datafield ind1=" " ind2=" " tag="260"><subfield code="a">Audubon, IA :</subfield><subfield code="b">Audubon County Newspapers,</subfield><subfield code="c">[1993-</subfield></datafield><datafield ind1=" " ind2=" " tag="300"><subfield code="a">v.</subfield></datafield><datafield ind1=" " ind2=" " tag="310"><subfield code="a">Weekly</subfield></datafield><datafield ind1="0" ind2=" " tag="362"><subfield code="a">Vol. 114, no. 31 (Aug. 6, 1993)-</subfield></datafield><datafield ind1=" " ind2=" " tag="580"><subfield code="a">Formed by the union of: Audubon news-advocate ; and: Audubon County journal .</subfield></datafield><datafield ind1=" " ind2=" " tag="752"><subfield code="a">United States</subfield><subfield code="b">Iowa</subfield><subfield code="c">Audubon.</subfield></datafield><datafield ind1="1" ind2="4" tag="780"><subfield code="t">Audubon news-advocate</subfield><subfield code="w">(DLC)sn 87057932</subfield><subfield code="w">(OCoLC)16972871</subfield></datafield><datafield ind1="1" ind2="4" tag="780"><subfield code="t">Audubon County journal</subfield><subfield code="w">(DLC)sn 87057934</subfield><subfield code="w">(OCoLC)16972906</subfield></datafield></record>